
@article{
  pajaresRoleSelfefficacySelfconcept1994,
  title={Role of self-efficacy and self-concept beliefs in mathematical problem solving: A path analysis},
  volume={86},
  ISSN={1939-2176},
  DOI={10.1037/0022-0663.86.2.193},
  number={2},
  journal={Journal of Educational Psychology},
  publisher={American},
  author={Pajares, Frank and Miller, M. David},
  year={1994},
pages={193â€“203} }
