
@book{
  vaidyanathanRamnathvRCharts2025,
  title={ramnathv/rCharts},
  url={https://github.com/ramnathv/rCharts},
  author={Vaidyanathan, Ramnath},
  year={2025},
month={Mar} }
