
@article{vehtari2016,
	title = {Practical Bayesian model evaluation using leave-one-out cross-validation and WAIC},
	author = {Vehtari, Aki and Gelman, Andrew and Gabry, Jonah},
	year = {2016},
	month = {08},
	date = {2016-08-30},
	journal = {Statistics and Computing},
	pages = {1413--1432},
	volume = {27},
	number = {5},
	doi = {10.1007/s11222-016-9696-4},
	url = {http://dx.doi.org/10.1007/s11222-016-9696-4},
	langid = {en}
}

@article{dhaka2020,
	title = {Robust, Accurate Stochastic Optimization for Variational Inference},
	author = {Dhaka, Akash Kumar and Catalina, Alejandro and Andersen, Michael Riis and Magnusson, {MÃ¥ns} and Huggins, Jonathan H. and Vehtari, Aki},
	year = {2020},
	date = {2020},
	journal = {arXiv},
	doi = {10.48550/ARXIV.2009.00666},
	url = {https://arxiv.org/abs/2009.00666}
}

@article{yao2018,
	title = {Yes, but Did It Work?: Evaluating Variational Inference},
	author = {Yao, Yuling and Vehtari, Aki and Simpson, Daniel and Gelman, Andrew},
	year = {2018},
	date = {2018},
	journal = {arXiv},
	doi = {10.48550/ARXIV.1802.02538},
	url = {https://arxiv.org/abs/1802.02538}
}

@article{zhang2021,
	title = {Pathfinder: Parallel quasi-Newton variational inference},
	author = {Zhang, Lu and Carpenter, Bob and Gelman, Andrew and Vehtari, Aki},
	year = {2021},
	date = {2021},
	doi = {10.48550/ARXIV.2108.03782},
	url = {https://arxiv.org/abs/2108.03782}
}

@article{gelman1996,
	title = {Posterior Predictive Assessment of Model Fitness Via Realized Discrepancies},
	author = {Gelman, Andrew and Meng, Xiao-Li and Stern, Hal},
	year = {1996},
	date = {1996},
	journal = {Statistica Sinica},
	langid = {en}
}
