
@article{fredrickson1998,
	title = {That swimsuit becomes you: sex differences in self-objectification, restrained eating, and math performance},
	author = {Fredrickson, B. L. and Roberts, T. A. and Noll, S. M. and Quinn, D. M. and Twenge, J. M.},
	year = {1998},
	month = {07},
	date = {1998-07},
	journal = {Journal of Personality and Social Psychology},
	pages = {269--284},
	volume = {75},
	number = {1},
	doi = {10.1037//0022-3514.75.1.269},
	note = {PMID: 9686464},
	langid = {eng}
}

@article{cialdini2005,
	title = {Don{\textquoteright}t Throw in the Towel: Use Social Influence Research},
	author = {Cialdini, Robert},
	year = {2005},
	month = {04},
	date = {2005-04-24},
	journal = {APS Observer},
	volume = {18},
	url = {https://www.psychologicalscience.org/observer/dont-throw-in-the-towel-use-social-influence-research},
	langid = {en}
}
