
@article{
  isvoranuWhichEstimationMethod2023a,
  title={Which estimation method to choose in network psychometrics? Deriving guidelines for applied researchers},
  volume={28},
  ISSN={1939-1463},
  DOI={10.1037/met0000439},
  number={4},
  journal={Psychological Methods},
  publisher={American},
  author={Isvoranu, Adela-Maria and Epskamp, Sacha},
  year={2023},
pages={925â€“946} }
