
@book{
  andersonErrorHandlingGeneration,
  title={2.5 Error Handling and Generation | Mastering Software Development in R},
  url={https://github.com/rdpeng/RProgDA},
author={Anderson, Roger D. Peng, Sean Kross, and Brooke} }

@inbook{
  wickhamConditionsAdvanced2024,
  title={8 Conditions | Advanced R},
  url={https://adv-r.hadley.nz/conditions.html#errors-1},
  booktitle={Advanced R},
  author={Wickham, Hadley},
year={2024} }

@inbook{
  andersonErrorHandlingGeneration2020,
  title={2.5 Error Handling and Generation | Mastering Software Development in R},
  url={https://github.com/rdpeng/RProgDA},
  booktitle={Mastering Software Development in R},
  author={Anderson, Roger D. Peng, Sean Kross, and Brooke},
  year={2020},
month={Dec} }
