
@inbook{piedmont2014,
	title = {Inter-item Correlations},
	author = {Piedmont, Ralph L.},
	year = {2014},
	date = {2014},
	publisher = {Springer Netherlands},
	pages = {3303--3304},
	doi = {10.1007/978-94-007-0753-5_1493},
	url = {http://dx.doi.org/10.1007/978-94-007-0753-5_1493}
}

@misc{confirma,
	title = {Confirmatory Factor Analysis for Applied Research: Second Edition},
	url = {https://www.guilford.com/books/Confirmatory-Factor-Analysis-for-Applied-Research/Timothy-Brown/9781462515363},
	langid = {canadian}
}

@misc{timothy,
	title = {Confirmatory Factor Analysis for Applied Research: Second Edition},
	author = {Timothy, Brown},
	url = {https://www.guilford.com/books/Confirmatory-Factor-Analysis-for-Applied-Research/Timothy-Brown/9781462515363},
	langid = {canadian}
}

@article{ferrando2018,
	title = {Assessing the Quality and Appropriateness of Factor Solutions and Factor Score Estimates in Exploratory Item Factor Analysis},
	author = {Ferrando, Pere J. and Lorenzo-Seva, Urbano},
	year = {2018},
	month = {10},
	date = {2018-10-01},
	journal = {Educational and Psychological Measurement},
	pages = {762--780},
	volume = {78},
	number = {5},
	doi = {10.1177/0013164417719308},
	url = {https://doi.org/10.1177/0013164417719308},
	note = {Publisher: SAGE Publications Inc},
	langid = {en}
}

@book{timothy2015,
	title = {Confirmatory Factor Analysis for Applied Research: Second Edition},
	author = {Timothy, Brown},
	year = {2015},
	month = {01},
	date = {2015-01-08},
	url = {https://www.guilford.com/books/Confirmatory-Factor-Analysis-for-Applied-Research/Timothy-Brown/9781462515363},
	langid = {canadian}
}

@book{
  brownConfirmatoryFactorAnalysis2015,
  title={Confirmatory Factor Analysis for Applied Research: Second Edition},
  ISBN={978-1-4625-1536-3},
  publisher={Guilford Press},
  author={Brown, Timothy A.},
  year={2015},
month={Jan} }
