
@article{kan2019,
	title = {Extending psychometric network analysis: Empirical evidence against {\emph{g}} in favor of mutualism?},
	author = {Kan, Kees-Jan and van der Maas, Han L. J. and Levine, Stephen Z.},
	year = {2019},
	month = {03},
	date = {2019-03-01},
	journal = {Intelligence},
	pages = {52--62},
	volume = {73},
	doi = {10.1016/j.intell.2018.12.004},
	url = {https://www.sciencedirect.com/science/article/pii/S0160289618300114}
}

@article{
  liPersonalityTraitsDepressive2024,
  title={Personality traits and depressive symptoms among Chinese older people: A network approach},
  volume={351},
  ISSN={0165-0327},
  url={https://www.sciencedirect.com/science/article/pii/S0165032724002349},
  DOI={10.1016/j.jad.2024.01.215},
  journal={Journal of Affective Disorders},
  author={Li, Jia and Zhang, Jihong},
  year={2024},
  month={Apr},
pages={74â€“81} }
