
@article{delatorre2004,
	title = {Higher-order latent trait models for cognitive diagnosis},
	author = {de la Torre, Jimmy and Douglas, Jeffrey A.},
	year = {2004},
	month = {09},
	date = {2004-09-01},
	journal = {Psychometrika},
	pages = {333--353},
	volume = {69},
	number = {3},
	doi = {10.1007/BF02295640},
	url = {https://doi.org/10.1007/BF02295640},
	langid = {en}
}

@article{ma2020,
	title = {An empirical Q-matrix validation method for the sequential generalized DINA model},
	author = {Ma, Wenchao and de la Torre, Jimmy},
	year = {2020},
	month = {02},
	date = {2020-02},
	journal = {The British Journal of Mathematical and Statistical Psychology},
	pages = {142--163},
	volume = {73},
	number = {1},
	doi = {10.1111/bmsp.12156},
	note = {PMID: 30723890},
	langid = {eng}
}

@article{decarlo2012,
	title = {Recognizing Uncertainty in the Q-Matrix via a Bayesian Extension of the DINA Model},
	author = {DeCarlo, Lawrence T.},
	year = {2012},
	month = {09},
	date = {2012-09-01},
	journal = {Applied Psychological Measurement},
	pages = {447--468},
	volume = {36},
	number = {6},
	doi = {10.1177/0146621612449069},
	url = {https://doi.org/10.1177/0146621612449069},
	note = {Publisher: SAGE Publications Inc},
	langid = {en}
}

@article{decarlo2012a,
	title = {Recognizing Uncertainty in the Q-Matrix via a Bayesian Extension of the DINA Model},
	author = {DeCarlo, Lawrence T.},
	year = {2012},
	month = {09},
	date = {2012-09-01},
	journal = {Applied Psychological Measurement},
	pages = {447--468},
	volume = {36},
	number = {6},
	doi = {10.1177/0146621612449069},
	url = {https://doi.org/10.1177/0146621612449069},
	note = {Publisher: SAGE Publications Inc},
	langid = {en}
}

@article{delatorre2016,
	title = {A General Method of Empirical Q-matrix Validation},
	author = {de la Torre, Jimmy and Chiu, Chia-Yi},
	year = {2016},
	month = {06},
	date = {2016-06},
	journal = {Psychometrika},
	pages = {253--273},
	volume = {81},
	number = {2},
	doi = {10.1007/s11336-015-9467-8},
	note = {PMID: 25943366},
	langid = {eng}
}

@book{gelman2006,
	title = {Data Analysis Using Regression and Multilevel/Hierarchical Models},
	author = {Gelman, Andrew and Hill, Jennifer},
	year = {2006},
	month = {12},
	date = {2006-12-18},
	publisher = {Cambridge University Press},
	note = {Google-Books-ID: c9xLKzZWoZ4C},
	langid = {en}
}
