
@misc{
  friedTutorialHowIdentify2016,
  title={R tutorial: how to identify communities of items in networks},
  url={https://psych-networks.com/r-tutorial-identify-communities-items-networks/},
  journal={Psych Networks},
  author={Fried, Eiko},
  year={2016},
month={Oct} }

@article{
  fortunatoCommunityDetectionGraphs2010,
  title={Community detection in graphs},
  volume={486},
  ISSN={0370-1573},
  url={https://www.sciencedirect.com/science/article/pii/S0370157309002841},
  DOI={10.1016/j.physrep.2009.11.002},
  number={3},
  journal={Physics Reports},
  author={Fortunato, Santo},
  year={2010},
  month={Feb},
pages={75–174} }

@article{
  girvanCommunityStructureSocial2002,
  title={Community structure in social and biological networks},
  volume={99},
  url={https://www.pnas.org/doi/abs/10.1073/pnas.122653799},
  DOI={10.1073/pnas.122653799},
  number={12},
  journal={Proceedings of the National Academy of Sciences},
  publisher={Proceedings},
  author={Girvan, M. and Newman, M. E. J.},
  year={2002},
  month={Jun},
pages={7821–7826} }

@article{
  goekoopNetworkViewPsychiatric2014,
  title={A Network View on Psychiatric Disorders: Network Clusters of Symptoms as Elementary Syndromes of Psychopathology},
  volume={9},
  ISSN={1932-6203},
  url={https://journals.plos.org/plosone/article?id=10.1371/journal.pone.0112734},
  DOI={10.1371/journal.pone.0112734},
  number={11},
  journal={PLOS ONE},
  publisher={Public},
  author={Goekoop, Rutger and Goekoop, Jaap G.},
  year={2014},
  month={Nov},
pages={e112734} }

@article{
  borsboomPsychometricPerspectivesDiagnostic2008,
  title={Psychometric perspectives on diagnostic systems},
  volume={64},
  ISSN={1097-4679},
  url={https://onlinelibrary.wiley.com/doi/abs/10.1002/jclp.20503},
  DOI={10.1002/jclp.20503},
  note={_eprint: https://onlinelibrary.wiley.com/doi/pdf/10.1002/jclp.20503},
  number={9},
  journal={Journal of Clinical Psychology},
  author={Borsboom, Denny},
  year={2008},
pages={1089–1108} }

@article{
  borsboomStructureDSM2002,
  title={The Structure of the DSM},
  volume={59},
  ISSN={0003-990X},
  number={6},
  journal={Archives of General Psychiatry},
  author={Borsboom, Denny},
  year={2002},
  month={Jun},
pages={569–570} }

@misc{
  ComorbidityNetworkPerspective,
  title={Comorbidity: A network perspective | Behavioral and Brain Sciences | Cambridge Core},
url={https://www.cambridge.org/core/journals/behavioral-and-brain-sciences/article/abs/comorbidity-a-network-perspective/4A9FE571B49A9150DFABCD5845EC0B3D} }

@article{
  cramerComorbidityNetworkPerspective2010,
  title={Comorbidity: A network perspective},
  volume={33},
  ISSN={1469-1825, 0140-525X},
  url={https://www.cambridge.org/core/journals/behavioral-and-brain-sciences/article/abs/comorbidity-a-network-perspective/4A9FE571B49A9150DFABCD5845EC0B3D},
  DOI={10.1017/S0140525X09991567},
  number={2-3},
  journal={Behavioral and Brain Sciences},
  author={Cramer, Angélique O. J. and Waldorp, Lourens J. and Maas, Han L. J. van der and Borsboom, Denny},
  year={2010},
  month={Jun},
pages={137–150} }

@article{
  christensenComparingCommunityDetection2024,
  title={Comparing community detection algorithms in psychometric networks: A Monte Carlo simulation},
  volume={56},
  ISSN={1554-3528},
  url={https://doi.org/10.3758/s13428-023-02106-4},
  DOI={10.3758/s13428-023-02106-4},
  number={3},
  journal={Behavior Research Methods},
  author={Christensen, Alexander P. and Garrido, Luis Eduardo and Guerra-Peña, Kiero and Golino, Hudson},
  year={2024},
  month={Mar},
pages={1485–1505} }

@article{
  ponsComputingCommunitiesLarge2006,
  title={Computing Communities in Large Networks Using Random Walks},
  volume={10},
  ISSN={1526-1719},
  url={https://jgaa-v4.cs.brown.edu/index.php/jgaa/article/view/paper124},
  DOI={10.7155/jgaa.00124},
  number={22},
  journal={Journal of Graph Algorithms and Applications},
  author={Pons, Pascal and Latapy, Matthieu},
  year={2006},
  month={Jan},
pages={191–218} }

@article{
  bruscoSpectralClusteringPsychological2021,
  title={Spectral Clustering of Psychological Networks},
  url={https://osf.io/fjqd4_v1},
  DOI={10.31234/osf.io/fjqd4},
author={Brusco, Michael and Steinley, Douglas and Watts, Ashley L.} }

@article{
  yangComparativeAnalysisCommunity2016,
  title={A Comparative Analysis of Community Detection Algorithms on Artificial Networks},
  volume={6},
  ISSN={2045-2322},
  url={https://www.nature.com/articles/srep30750},
  DOI={10.1038/srep30750},
  number={1},
  journal={Scientific Reports},
  publisher={Nature},
  author={Yang, Zhao and Algesheimer, René and Tessone, Claudio J.},
  year={2016},
  month={Aug},
pages={30750} }

@article{
  gatesMonteCarloEvaluation2016,
  title={A Monte Carlo Evaluation of Weighted Community Detection Algorithms},
  volume={10},
  ISSN={1662-5196},
  url={https://www.frontiersin.org/journals/neuroinformatics/articles/10.3389/fninf.2016.00045/full},
  DOI={10.3389/fninf.2016.00045},
  journal={Frontiers in Neuroinformatics},
  publisher={Frontiers},
  author={Gates, Kathleen M. and Henry, Teague and Steinley, Doug and Fair, Damien A.},
  year={2016},
month={Nov} }

@article{
  massaraNetworkFilteringBig2017,
  title={Network Filtering for Big Data: Triangulated Maximally Filtered Graph},
  volume={5},
  ISSN={2051-1310},
  url={https://doi.org/10.1093/comnet/cnw015},
  DOI={10.1093/comnet/cnw015},
  number={2},
  journal={Journal of Complex Networks},
  author={Massara, Guido Previde and Di Matteo, T. and Aste, Tomaso},
  year={2017},
  month={Jun},
pages={161–178} }

@article{
  rosvallMapsRandomWalks2008,
  title={Maps of random walks on complex networks reveal community structure},
  volume={105},
  url={https://www.pnas.org/doi/full/10.1073/pnas.0706851105},
  DOI={10.1073/pnas.0706851105},
  number={4},
  journal={Proceedings of the National Academy of Sciences},
  publisher={Proceedings},
  author={Rosvall, Martin and Bergstrom, Carl T.},
  year={2008},
  month={Jan},
pages={1118–1123} }

@article{
  clausetFindingCommunityStructure2004,
  title={Finding community structure in very large networks},
  volume={70},
  url={https://link.aps.org/doi/10.1103/PhysRevE.70.066111},
  DOI={10.1103/PhysRevE.70.066111},
  number={6},
  journal={Physical Review E},
  publisher={American},
  author={Clauset, Aaron and Newman, M. E. J. and Moore, Cristopher},
  year={2004},
  month={Dec},
pages={066111} }

@article{
  blondelFastUnfoldingCommunities2008,
  title={Fast unfolding of communities in large networks},
  volume={2008},
  ISSN={1742-5468},
  url={https://dx.doi.org/10.1088/1742-5468/2008/10/P10008},
  DOI={10.1088/1742-5468/2008/10/P10008},
  number={10},
  journal={Journal of Statistical Mechanics: Theory and Experiment},
  author={Blondel, Vincent D and Guillaume, Jean-Loup and Lambiotte, Renaud and Lefebvre, Etienne},
  year={2008},
  month={Oct},
pages={P10008} }

@article{
  newmanModularityCommunityStructure2006,
  title={Modularity and community structure in networks},
  volume={103},
  url={https://www.pnas.org/doi/full/10.1073/pnas.0601602103},
  DOI={10.1073/pnas.0601602103},
  number={23},
  journal={Proceedings of the National Academy of Sciences},
  publisher={Proceedings},
  author={Newman, M. E. J.},
  year={2006},
  month={Jun},
pages={8577–8582} }

@article{
  raghavanLinearTimeAlgorithm2007,
  title={Near linear time algorithm to detect community structures in large-scale networks},
  volume={76},
  url={https://link.aps.org/doi/10.1103/PhysRevE.76.036106},
  DOI={10.1103/PhysRevE.76.036106},
  number={3},
  journal={Physical Review E},
  publisher={American},
  author={Raghavan, Usha Nandini and Albert, Réka and Kumara, Soundar},
  year={2007},
  month={Sep},
pages={036106} }

@article{
  reichardtStatisticalMechanicsCommunity2006,
  title={Statistical mechanics of community detection},
  volume={74},
  url={https://link.aps.org/doi/10.1103/PhysRevE.74.016110},
  DOI={10.1103/PhysRevE.74.016110},
  number={1},
  journal={Physical Review E},
  publisher={American},
  author={Reichardt, Jörg and Bornholdt, Stefan},
  year={2006},
  month={Jul},
pages={016110} }
