
@article{
  isvoranuWhichEstimationMethod2023a,
  title={Which estimation method to choose in network psychometrics? Deriving guidelines for applied researchers},
  volume={28},
  ISSN={1939-1463},
  DOI={10.1037/met0000439},
  number={4},
  journal={Psychological Methods},
  publisher={American},
  author={Isvoranu, Adela-Maria and Epskamp, Sacha},
  year={2023},
pages={925–946} }

@article{christensen2018,
	title = {NetworkToolbox: Methods and Measures for Brain, Cognitive, and Psychometric Network Analysis in R.},
	author = {Christensen, Alexander P.},
	year = {2018},
	date = {2018},
	journal = {R J.},
	pages = {422},
	volume = {10},
	number = {2},
	url = {https://files.osf.io/v1/resources/6kmav/providers/osfstorage/5aec6ad0b80ad4001054a820?action=download&version=1&displayName=NetworkToolbox_Preprint_psyarxiv-2018-05-04T14:14:40.992Z.pdf&direct}
}

@article{christensen2018a,
	title = {Network structure of the Wisconsin Schizotypy Scales{\textendash}Short Forms: Examining psychometric network filtering approaches},
	author = {Christensen, Alexander P. and Kenett, Yoed N. and Aste, Tomaso and Silvia, Paul J. and Kwapil, Thomas R.},
	year = {2018},
	month = {12},
	date = {2018-12-01},
	journal = {Behavior Research Methods},
	pages = {2531--2550},
	volume = {50},
	number = {6},
	doi = {10.3758/s13428-018-1032-9},
	url = {https://doi.org/10.3758/s13428-018-1032-9},
	langid = {en}
}

@article{christensen2018b,
	title = {Network structure of the Wisconsin Schizotypy Scales{\textendash}Short Forms: Examining psychometric network filtering approaches},
	author = {Christensen, Alexander P. and Kenett, Yoed N. and Aste, Tomaso and Silvia, Paul J. and Kwapil, Thomas R.},
	year = {2018},
	month = {12},
	date = {2018-12-01},
	journal = {Behavior Research Methods},
	pages = {2531--2550},
	volume = {50},
	number = {6},
	doi = {10.3758/s13428-018-1032-9},
	url = {https://doi.org/10.3758/s13428-018-1032-9},
	langid = {en}
}

@article{hage1995,
	title = {Eccentricity and centrality in networks},
	author = {Hage, Per and Harary, Frank},
	year = {1995},
	month = {01},
	date = {1995-01-01},
	journal = {Social Networks},
	pages = {57--63},
	volume = {17},
	number = {1},
	doi = {10.1016/0378-8733(94)00248-9},
	url = {https://www.sciencedirect.com/science/article/pii/0378873394002489}
}

@article{hallquist2021,
	title = {Problems with Centrality Measures in Psychopathology Symptom Networks: Why Network Psychometrics Cannot Escape Psychometric Theory},
	author = {Hallquist, Michael N. and Wright, Aidan G. C. and Molenaar, Peter C. M.},
	year = {2021},
	month = {03},
	date = {2021-03-04},
	journal = {Multivariate Behavioral Research},
	pages = {199--223},
	volume = {56},
	number = {2},
	doi = {10.1080/00273171.2019.1640103},
	url = {https://doi.org/10.1080/00273171.2019.1640103},
	note = {Publisher: Routledge
{\_}eprint: https://doi.org/10.1080/00273171.2019.1640103
PMID: 31401872}
}

@article{neal2022,
	title = {Critiques of network analysis of multivariate data in psychological science},
	author = {Neal, Zachary P. and Forbes, Miriam K. and Neal, Jennifer Watling and Brusco, Michael J. and Krueger, Robert and Markon, Kristian and Steinley, Douglas and Wasserman, Stanley and Wright, Aiden G. C.},
	year = {2022},
	month = {11},
	date = {2022-11-08},
	journal = {Nature Reviews Methods Primers},
	pages = {1--2},
	volume = {2},
	number = {1},
	doi = {10.1038/s43586-022-00177-9},
	url = {https://www.nature.com/articles/s43586-022-00177-9},
	note = {Number: 1
Publisher: Nature Publishing Group},
	langid = {en}
}

@article{bringmann2019,
	title = {What do centrality measures measure in psychological networks?},
	author = {Bringmann, Laura F. and Elmer, Timon and Epskamp, Sacha and Krause, Robert W. and Schoch, David and Wichers, Marieke and Wigman, Johanna T. W. and Snippe, Evelien},
	year = {2019},
	date = {2019},
	journal = {Journal of Abnormal Psychology},
	pages = {892--903},
	volume = {128},
	number = {8},
	doi = {10.1037/abn0000446},
	note = {Place: US
Publisher: American Psychological Association}
}

@article{
  forbesQuantifyingReliabilityReplicability2021,
  title={Quantifying the Reliability and Replicability of Psychopathology Network Characteristics},
  volume={56},
  ISSN={0027-3171},
  url={https://doi.org/10.1080/00273171.2019.1616526},
  DOI={10.1080/00273171.2019.1616526},
  note={_eprint: https://doi.org/10.1080/00273171.2019.1616526 PMID: 31140875},
  number={2},
  journal={Multivariate Behavioral Research},
  publisher={Routledge},
  author={Forbes, Miriam K. and Wright and Markon and and Krueger, Robert F.},
  year={2021},
  month={Mar},
pages={224–242} }
