
@misc{
  friedTutorialHowIdentify2016,
  title={R tutorial: how to identify communities of items in networks},
  url={https://psych-networks.com/r-tutorial-identify-communities-items-networks/},
  journal={Psych Networks},
  author={Fried, Eiko},
  year={2016},
month={Oct} }

@article{
  fortunatoCommunityDetectionGraphs2010,
  title={Community detection in graphs},
  volume={486},
  ISSN={0370-1573},
  url={https://www.sciencedirect.com/science/article/pii/S0370157309002841},
  DOI={10.1016/j.physrep.2009.11.002},
  number={3},
  journal={Physics Reports},
  author={Fortunato, Santo},
  year={2010},
  month={Feb},
pages={75–174} }

@article{
  girvanCommunityStructureSocial2002,
  title={Community structure in social and biological networks},
  volume={99},
  url={https://www.pnas.org/doi/abs/10.1073/pnas.122653799},
  DOI={10.1073/pnas.122653799},
  number={12},
  journal={Proceedings of the National Academy of Sciences},
  publisher={Proceedings},
  author={Girvan, M. and Newman, M. E. J.},
  year={2002},
  month={Jun},
pages={7821–7826} }

@article{
  goekoopNetworkViewPsychiatric2014,
  title={A Network View on Psychiatric Disorders: Network Clusters of Symptoms as Elementary Syndromes of Psychopathology},
  volume={9},
  ISSN={1932-6203},
  url={https://journals.plos.org/plosone/article?id=10.1371/journal.pone.0112734},
  DOI={10.1371/journal.pone.0112734},
  number={11},
  journal={PLOS ONE},
  publisher={Public},
  author={Goekoop, Rutger and Goekoop, Jaap G.},
  year={2014},
  month={Nov},
pages={e112734} }
